@inproceedings{Ji2014,
  title={Overview of TAC-KBP2014 entity discovery and linking tasks},
  author={Ji, Heng and Nothman, Joel and Hachey, Ben},
  booktitle={Proc. Text Analysis Conference (TAC2014)},
  year={2014}
}

@inproceedings{Cucerzan2007,
  title={Large-scale named entity disambiguation based on Wikipedia data},
  author={Cucerzan, Silviu},
  booktitle={EMNLP-CoNLL},
  volume={7},
  pages={708--716},
  year={2007}
}

@inproceedings{Ratinov2011,
  title={Local and global algorithms for disambiguation to Wikipedia},
  author={Ratinov, Lev and Roth, Dan and Downey, Doug and Anderson, Mike},
  booktitle={Proceedings of the 49th Annual Meeting of the Association for Computational Linguistics: Human Language Technologies-Volume 1},
  pages={1375--1384},
  year={2011},
  organization={Association for Computational Linguistics}
}

@inproceedings{Hoffart2011,
  title={Robust disambiguation of named entities in text},
  author={Hoffart, Johannes and Yosef, Mohamed Amir and Bordino, Ilaria and F{\"u}rstenau, Hagen and Pinkal, Manfred and Spaniol, Marc and Taneva, Bilyana and Thater, Stefan and Weikum, Gerhard},
  booktitle={Proceedings of the Conference on Empirical Methods in Natural Language Processing},
  pages={782--792},
  year={2011},
  organization={Association for Computational Linguistics}
}

@inproceedings{Mihalcea2007,
  title={Wikify!: linking documents to encyclopedic knowledge},
  author={Mihalcea, Rada and Csomai, Andras},
  booktitle={Proceedings of the sixteenth ACM conference on information and knowledge management},
  pages={233--242},
  year={2007},
  organization={ACM}
}

@inproceedings{Stoyanov2012,
  title={A context-aware approach to entity linking},
  author={Stoyanov, Veselin and Mayfield, James and Xu, Tan and Oard, Douglas W and Lawrie, Dawn and Oates, Tim and Finin, Tim},
  booktitle={Proceedings of the Joint Workshop on Automatic Knowledge Base Construction and Web-scale Knowledge Extraction},
  pages={62--67},
  year={2012},
  organization={Association for Computational Linguistics}
}

@inproceedings{Dalton2013,
  title={A neighborhood relevance model for entity linking},
  author={Dalton, Jeffrey and Dietz, Laura},
  booktitle={Proceedings of the 10th Conference on Open Research Areas in Information Retrieval},
  pages={149--156},
  year={2013},
  organization={Le Centre De Hautes Etudes Internationales D'informatique Documentaire}
}

@techreport{Balog2011,
  title={Overview of the TREC 2011 entity track},
  author={Balog, Krisztian and Serdyukov, Pavel},
  year={2011},
  institution={National Institute of Standards and Technology}
}

@article{Adafre2007,
  title={Entity retrieval},
  author={Adafre, S Fissaha and de Rijke, Maarten and Sang, E Tjong Kim},
  journal={Recent Advances in Natural Language Processing},
  year={2007}
}

@inproceedings{Bron2010,
  title={Ranking related entities: Components and analyses},
  author={Bron, Marc and Balog, Krisztian and De Rijke, Maarten},
  booktitle={Proceedings of the 19th ACM international conference on information and knowledge management},
  pages={1079--1088},
  year={2010},
  organization={ACM}
}

@inproceedings{Dalton2014,
  title={Entity query feature expansion using knowledge base links},
  author={Dalton, Jeffrey and Dietz, Laura and Allan, James},
  booktitle={Proceedings of the 37th international ACM SIGIR conference on research \& development in information retrieval},
  pages={365--374},
  year={2014},
  organization={ACM}
}

@inproceedings{Xiong2015,
  title={Query expansion with Freebase},
  author={Xiong, Chenyan and Callan, Jamie},
  booktitle={Proceedings of the 2015 International Conference on The Theory of Information Retrieval},
  pages={111--120},
  year={2015},
  organization={ACM}
}

@inproceedings{Wei2006,
  title={LDA-based document models for ad-hoc retrieval},
  author={Wei, Xing and Croft, W Bruce},
  booktitle={Proceedings of the 29th annual international ACM SIGIR conference on research and development in information retrieval},
  pages={178--185},
  year={2006},
  organization={ACM}
}

@inproceedings{Liu2004,
  title={Cluster-based retrieval using language models},
  author={Liu, Xiaoyong and Croft, W Bruce},
  booktitle={Proceedings of the 27th annual international ACM SIGIR conference on Research and development in information retrieval},
  pages={186--193},
  year={2004},
  organization={ACM}
}

@article{Zhai2004,
  title={A study of smoothing methods for language models applied to information retrieval},
  author={Zhai, Chengxiang and Lafferty, John},
  journal={ACM Transactions on Information Systems},
  volume={22},
  number={2},
  pages={179--214},
  year={2004},
  publisher={ACM}
}

@inproceedings{Lafferty2001,
  title={Document language models, query models, and risk minimization for information retrieval},
  author={Lafferty, John and Zhai, Chengxiang},
  booktitle={Proceedings of the 24th annual international ACM SIGIR conference on research and development in information retrieval},
  pages={111--119},
  year={2001},
  organization={ACM}
}

@inproceedings{Lavrenko2001,
  title={Relevance based language models},
  author={Lavrenko, Victor and Croft, W Bruce},
  booktitle={Proceedings of the 24th annual international ACM SIGIR conference on research and development in information retrieval},
  pages={120--127},
  year={2001},
  organization={ACM}
}

@inproceedings{Xie2015,
  title={An entity-centric query expansion approach to cumulative citation recommendation in knowledge base acceleration},
  author={Xie, Chunyan},
  booktitle={12th International Conference on Fuzzy Systems and Knowledge Discovery},
  pages={1355--1359},
  year={2015},
  organization={IEEE}
}

@article{Brandao2014,
  title={Learning to expand queries using entities},
  author={Brand{\~a}o, Wladmir C and Santos, Rodrygo LT and Ziviani, Nivio and Moura, Edleno S and Silva, Altigran S},
  journal={Journal of the Association for Information Science and Technology},
  volume={65},
  number={9},
  pages={1870--1883},
  year={2014},
  publisher={Wiley Online Library}
}

@inproceedings{Xu2009,
  title={Query dependent pseudo-relevance feedback based on Wikipedia},
  author={Xu, Yang and Jones, Gareth JF and Wang, Bin},
  booktitle={Proceedings of the 32nd international ACM SIGIR conference on research and development in information retrieval},
  pages={59--66},
  year={2009},
  organization={ACM}
}

@incollection{Li2015,
  title={A query expansion approach using entity distribution based on Markov random fields},
  author={Li, Rui and Hao, Linxue and Zhao, Xiaozhao and Zhang, Peng and Song, Dawei and Hou, Yuexian},
  booktitle={Information Retrieval Technology},
  pages={387--393},
  year={2015},
  publisher={Springer}
}

@inproceedings{Elsas2008,
  title={Retrieval and feedback models for blog feed search},
  author={Elsas, Jonathan L and Arguello, Jaime and Callan, Jamie and Carbonell, Jaime G},
  booktitle={Proceedings of the 31st annual international ACM SIGIR conference on research and development in information retrieval},
  pages={347--354},
  year={2008},
  organization={ACM}
}

@inproceedings{Weerkamp2009,
  title={A generative blog post retrieval model that uses query expansion based on external collections},
  author={Weerkamp, Wouter and Balog, Krisztian and de Rijke, Maarten},
  booktitle={Proceedings of the Joint Conference of the 47th Annual Meeting of the ACL and the 4th International Joint Conference on Natural Language Processing of the AFNLP},
  pages={1057--1065},
  year={2009},
  organization={Association for Computational Linguistics}
}